% Encoding: ISO8859_1

@ELECTRONIC{VSL,
	author = {{Zintel, Marc}, {Lauer, Philipp}},
	title = {Virtual Science Lab},
	howpublished = {\url{https://github.com/fraygeyst/VirtualScienceLab}},
	note = {Zuletzt gesehen am 31.12.2019},
	url = {\url{https://github.com/fraygeyst/VirtualScienceLab}},
	key = {VSL}
}

@ELECTRONIC{ZittScript1,
    author = {{Zitt, Hubert}},
    title = {Laboraufgaben 03 der Elektrotechnikvorlesung an der Hochschule Kaiserslautern},
    howpublished = {\url{http://webhome.hs-kl.de/~zitt/downloads_ save/ET/ET_ MNT2_ Zitt_Labor03.pdf }},
    note = {Zuletzt gesehen am 18.12.2019},
    url = {\url{http://webhome.hs-kl.de/~zitt/downloads_ save/ET/ET_ MNT2_ Zitt_Labor03.pdf }},
    key = {ZittScript1}
}

@ELECTRONIC{ZittScript2,
	author = {{Zitt, Hubert}},
	title = {Laboraufgaben 05 der Elektrotechnikvorlesung an der Hochschule Kaiserslautern},
	howpublished = {\url{http://webhome.hs-kl.de/~zitt/downloads_ save/ET/ET_MNT2_Zitt_Labor05.pdf }},
	note = {Zuletzt gesehen am 18.12.2019},
	url = {\url{http://webhome.hs-kl.de/~zitt/downloads_ save/ET/ET_MNT2_Zitt_Labor05.pdf }},
	key = {ZittScript2}
}

