@MASTERSTHESIS{pries:19,
  author = {Pascal Pries},
  title = {Desktop XR - Immersive Mixed Reality Anwendungen mit HTC Vive Pro},
  school = fh,
  year = {2019},
  type = {Masterarbeit Hochschule Kaiserslautern}
}
